%% This BibTeX bibliography file was created using BibDesk.
%% http://bibdesk.sourceforge.net/


%% Created for Jonathan Keane at 2012-03-12 02:00:30 -0500 


%% Saved with string encoding Unicode (UTF-8) 



@misc{Keane:2011ae,
	Author = {Keane, Jonathan and Brentari, Diane and Riggle, Jason},
	Date-Added = {2012-03-10 17:49:58 +0000},
	Date-Modified = {2012-03-12 05:34:22 +0000},
	Howpublished = {poster},
	Month = {November},
	Note = {North East Linguistic Society 42: University of Toronto},
	Title = {Co-articulation in {\textsc{asl}} fingerspelling},
	Year = {2011},
	Bdsk-File-1 = {YnBsaXN0MDDUAQIDBAUIJidUJHRvcFgkb2JqZWN0c1gkdmVyc2lvblkkYXJjaGl2ZXLRBgdUcm9vdIABqAkKFRYXGyIjVSRudWxs0wsMDQ4RFFpOUy5vYmplY3RzV05TLmtleXNWJGNsYXNzog8QgASABqISE4ACgAOAB1lhbGlhc0RhdGFccmVsYXRpdmVQYXRo0hgNGRpXTlMuZGF0YU8RAnYAAAAAAnYAAgAADE1hY2ludG9zaCBIRAAAAAAAAAAAAAAAAAAAAMT59JlIKwAADwPZeh9LZWFuZUJyZW50YXJpUmlnZ2xlI0YwODQ1MzEucGRmAAAAAAAAAAAAAAAAAAAAAAAAAAAAAAAAAAAAAAAAAAAPCEUxyuhVXVBERiBDQVJPAAEAAwAACSAAAAAAAAAAAAAAAAAAAAAGUGFwZXJzABAACAAAxPo66QAAABEACAAAyuipvQAAAAEAGA8D2XoPA4pqDhdIFwZcS/UACkoyAAB72AACAGVNYWNpbnRvc2ggSEQ6VXNlcnM6AGprZWFuZToARHJvcGJveDoAc2l0ZS1yZWRlc2lnbjoAa2VhbmVCaWI6AFBhcGVyczoAS2VhbmVCcmVudGFyaVJpZ2dsZSNGMDg0NTMxLnBkZgAADgCKAEQASwBlAGEAbgBlAEIAcgBlAG4AdABhAHIAaQBSAGkAZwBnAGwAZQAtAEMAbwAtAGEAcgB0AGkAYwB1AGwAYQB0AGkAbwBuACAAaQBuACAAYQBzAGwAIABmAGkAbgBnAGUAcgBzAHAAZQBsAGwAaQBuAGcAIAAoADIAMAAxADEAKQAuAHAAZABmAA8AGgAMAE0AYQBjAGkAbgB0AG8AcwBoACAASABEABIAd1VzZXJzL2prZWFuZS9Ecm9wYm94L3NpdGUtcmVkZXNpZ24va2VhbmVCaWIvUGFwZXJzL0tlYW5lQnJlbnRhcmlSaWdnbGUtQ28tYXJ0aWN1bGF0aW9uIGluIGFzbCBmaW5nZXJzcGVsbGluZyAoMjAxMSkucGRmAAATAAEvAAAVAAIADf//AACABdIcHR4fWCRjbGFzc2VzWiRjbGFzc25hbWWjHyAhXU5TTXV0YWJsZURhdGFWTlNEYXRhWE5TT2JqZWN0XxBLUGFwZXJzL0tlYW5lQnJlbnRhcmlSaWdnbGUtQ28tYXJ0aWN1bGF0aW9uIGluIGFzbCBmaW5nZXJzcGVsbGluZyAoMjAxMSkucGRm0hwdJCWiJSFcTlNEaWN0aW9uYXJ5EgABhqBfEA9OU0tleWVkQXJjaGl2ZXIACAARABYAHwAoADIANQA6ADwARQBLAFIAXQBlAGwAbwBxAHMAdgB4AHoAfACGAJMAmACgAxoDHAMhAyoDNQM5A0cDTgNXA6UDqgOtA7oDvwAAAAAAAAIBAAAAAAAAACgAAAAAAAAAAAAAAAAAAAPR}}

@mastersthesis{Keane:2010aa,
	Author = {Keane, Jonathan},
	Date-Added = {2012-03-10 17:45:10 +0000},
	Date-Modified = {2012-03-11 20:27:14 +0000},
	Month = {October},
	School = {University of Chicago},
	Title = {Segment duration and the phonetics of fingerspelling {\textsc{asl}}},
	Year = {2010},
	Bdsk-File-1 = {YnBsaXN0MDDUAQIDBAUIJidUJHRvcFgkb2JqZWN0c1gkdmVyc2lvblkkYXJjaGl2ZXLRBgdUcm9vdIABqAkKFRYXGyIjVSRudWxs0wsMDQ4RFFpOUy5vYmplY3RzV05TLmtleXNWJGNsYXNzog8QgASABqISE4ACgAOAB1lhbGlhc0RhdGFccmVsYXRpdmVQYXRo0hgNGRpXTlMuZGF0YU8RAoQAAAAAAoQAAgAADE1hY2ludG9zaCBIRAAAAAAAAAAAAAAAAAAAAMT59JlIKwAADwPZeh9LZWFuZS1TZWdtZW50IGR1cmF0I0YwODQxNTkucGRmAAAAAAAAAAAAAAAAAAAAAAAAAAAAAAAAAAAAAAAAAAAPCEFZyYQrPQAAAAAAAAAAAAEAAwAACSAAAAAAAAAAAAAAAAAAAAAGUGFwZXJzABAACAAAxPo66QAAABEACAAAyYR/nQAAAAEAGA8D2XoPA4pqDhdIFwZcS/UACkoyAAB72AACAGVNYWNpbnRvc2ggSEQ6VXNlcnM6AGprZWFuZToARHJvcGJveDoAc2l0ZS1yZWRlc2lnbjoAa2VhbmVCaWI6AFBhcGVyczoAS2VhbmUtU2VnbWVudCBkdXJhdCNGMDg0MTU5LnBkZgAADgCUAEkASwBlAGEAbgBlAC0AUwBlAGcAbQBlAG4AdAAgAGQAdQByAGEAdABpAG8AbgAgAGEAbgBkACAAdABoAGUAIABwAGgAbwBuAGUAdABpAGMAcwAgAG8AZgAgAGYAaQBuAGcAZQByAHMAcABlAGwAbABpAG4AZwAgAGEAcwBsACAAKAAyADAAMQAwACkALgBwAGQAZgAPABoADABNAGEAYwBpAG4AdABvAHMAaAAgAEgARAASAHxVc2Vycy9qa2VhbmUvRHJvcGJveC9zaXRlLXJlZGVzaWduL2tlYW5lQmliL1BhcGVycy9LZWFuZS1TZWdtZW50IGR1cmF0aW9uIGFuZCB0aGUgcGhvbmV0aWNzIG9mIGZpbmdlcnNwZWxsaW5nIGFzbCAoMjAxMCkucGRmABMAAS8AABUAAgAN//8AAIAF0hwdHh9YJGNsYXNzZXNaJGNsYXNzbmFtZaMfICFdTlNNdXRhYmxlRGF0YVZOU0RhdGFYTlNPYmplY3RfEFBQYXBlcnMvS2VhbmUtU2VnbWVudCBkdXJhdGlvbiBhbmQgdGhlIHBob25ldGljcyBvZiBmaW5nZXJzcGVsbGluZyBhc2wgKDIwMTApLnBkZtIcHSQloiUhXE5TRGljdGlvbmFyeRIAAYagXxAPTlNLZXllZEFyY2hpdmVyAAgAEQAWAB8AKAAyADUAOgA8AEUASwBSAF0AZQBsAG8AcQBzAHYAeAB6AHwAhgCTAJgAoAMoAyoDLwM4A0MDRwNVA1wDZQO4A70DwAPNA9IAAAAAAAACAQAAAAAAAAAoAAAAAAAAAAAAAAAAAAAD5A==}}

@mastersthesis{Keane:2011ad,
	Author = {Keane, Jonathan},
	Date-Added = {2012-03-10 17:44:23 +0000},
	Date-Modified = {2012-03-10 17:45:03 +0000},
	Month = {May},
	School = {University of Chicago},
	Title = {A new look at scrambling in Japanese},
	Year = {2011}}

@misc{Keane:2011ac,
	Author = {Keane, Jonathan},
	Date-Added = {2012-03-10 17:43:16 +0000},
	Date-Modified = {2012-03-12 03:33:02 +0000},
	Howpublished = {invited talk},
	Note = {The Language, Cognition, and Computation workshop, University of Chicago},
	Title = {Data coding of, and transition time in, {\textsc{asl}} fingerspelling.},
	Year = {2011},
	Bdsk-File-1 = {YnBsaXN0MDDUAQIDBAUIJidUJHRvcFgkb2JqZWN0c1gkdmVyc2lvblkkYXJjaGl2ZXLRBgdUcm9vdIABqAkKFRYXGyIjVSRudWxs0wsMDQ4RFFpOUy5vYmplY3RzV05TLmtleXNWJGNsYXNzog8QgASABqISE4ACgAOAB1lhbGlhc0RhdGFccmVsYXRpdmVQYXRo0hgNGRpXTlMuZGF0YU8RAo4AAAAAAo4AAgAADE1hY2ludG9zaCBIRAAAAAAAAAAAAAAAAAAAAMT59JlIKwAADwPZeh9LZWFuZS1EYXRhIGNvZGluZyBvI0YwODQ1Q0IucGRmAAAAAAAAAAAAAAAAAAAAAAAAAAAAAAAAAAAAAAAAAAAPCEXLyXr8IgAAAAAAAAAAAAEAAwAACSAAAAAAAAAAAAAAAAAAAAAGUGFwZXJzABAACAAAxPo66QAAABEACAAAyXtQggAAAAEAGA8D2XoPA4pqDhdIFwZcS/UACkoyAAB72AACAGVNYWNpbnRvc2ggSEQ6VXNlcnM6AGprZWFuZToARHJvcGJveDoAc2l0ZS1yZWRlc2lnbjoAa2VhbmVCaWI6AFBhcGVyczoAS2VhbmUtRGF0YSBjb2RpbmcgbyNGMDg0NUNCLnBkZgAADgCaAEwASwBlAGEAbgBlAC0ARABhAHQAYQAgAGMAbwBkAGkAbgBnACAAbwBmACwAIABhAG4AZAAgAHQAcgBhAG4AcwBpAHQAaQBvAG4AIAB0AGkAbQBlACAAaQBuACwAIABhAHMAbAAgAGYAaQBuAGcAZQByAHMAcABlAGwAbABpAG4AZwAuACAAKAAyADAAMQAxACkALgBwAGQAZgAPABoADABNAGEAYwBpAG4AdABvAHMAaAAgAEgARAASAH9Vc2Vycy9qa2VhbmUvRHJvcGJveC9zaXRlLXJlZGVzaWduL2tlYW5lQmliL1BhcGVycy9LZWFuZS1EYXRhIGNvZGluZyBvZiwgYW5kIHRyYW5zaXRpb24gdGltZSBpbiwgYXNsIGZpbmdlcnNwZWxsaW5nLiAoMjAxMSkucGRmAAATAAEvAAAVAAIADf//AACABdIcHR4fWCRjbGFzc2VzWiRjbGFzc25hbWWjHyAhXU5TTXV0YWJsZURhdGFWTlNEYXRhWE5TT2JqZWN0XxBTUGFwZXJzL0tlYW5lLURhdGEgY29kaW5nIG9mLCBhbmQgdHJhbnNpdGlvbiB0aW1lIGluLCBhc2wgZmluZ2Vyc3BlbGxpbmcuICgyMDExKS5wZGbSHB0kJaIlIVxOU0RpY3Rpb25hcnkSAAGGoF8QD05TS2V5ZWRBcmNoaXZlcgAIABEAFgAfACgAMgA1ADoAPABFAEsAUgBdAGUAbABvAHEAcwB2AHgAegB8AIYAkwCYAKADMgM0AzkDQgNNA1EDXwNmA28DxQPKA80D2gPfAAAAAAAAAgEAAAAAAAAAKAAAAAAAAAAAAAAAAAAAA/E=}}

@misc{Keane:2012ac,
	Author = {Keane, Jonathan and Brentari, Diane and Riggle, Jason},
	Date-Added = {2012-03-10 17:41:39 +0000},
	Date-Modified = {2012-03-12 03:33:17 +0000},
	Howpublished = {conference presentation},
	Month = {January},
	Note = {Linguistic Society of America 2012 Annual Meeting},
	Title = {Handshape and coarticulation in {\textsc{asl}} fingerspelling},
	Year = {2012},
	Bdsk-File-1 = {YnBsaXN0MDDUAQIDBAUIJidUJHRvcFgkb2JqZWN0c1gkdmVyc2lvblkkYXJjaGl2ZXLRBgdUcm9vdIABqAkKFRYXGyIjVSRudWxs0wsMDQ4RFFpOUy5vYmplY3RzV05TLmtleXNWJGNsYXNzog8QgASABqISE4ACgAOAB1lhbGlhc0RhdGFccmVsYXRpdmVQYXRo0hgNGRpXTlMuZGF0YU8RApwAAAAAApwAAgAADE1hY2ludG9zaCBIRAAAAAAAAAAAAAAAAAAAAMT59JlIKwAADwPZeh9LZWFuZUJyZW50YXJpUmlnZ2xlI0YwODQ3REMucGRmAAAAAAAAAAAAAAAAAAAAAAAAAAAAAAAAAAAAAAAAAAAPCEfcyyjTTQAAAAAAAAAAAAEAAwAACSAAAAAAAAAAAAAAAAAAAAAGUGFwZXJzABAACAAAxPo66QAAABEACAAAyyknrQAAAAEAGA8D2XoPA4pqDhdIFwZcS/UACkoyAAB72AACAGVNYWNpbnRvc2ggSEQ6VXNlcnM6AGprZWFuZToARHJvcGJveDoAc2l0ZS1yZWRlc2lnbjoAa2VhbmVCaWI6AFBhcGVyczoAS2VhbmVCcmVudGFyaVJpZ2dsZSNGMDg0N0RDLnBkZgAADgCkAFEASwBlAGEAbgBlAEIAcgBlAG4AdABhAHIAaQBSAGkAZwBnAGwAZQAtAEgAYQBuAGQAcwBoAGEAcABlACAAYQBuAGQAIABjAG8AYQByAHQAaQBjAHUAbABhAHQAaQBvAG4AIABpAG4AIABhAHMAbAAgAGYAaQBuAGcAZQByAHMAcABlAGwAbABpAG4AZwAgACgAMgAwADEAMgApAC4AcABkAGYADwAaAAwATQBhAGMAaQBuAHQAbwBzAGgAIABIAEQAEgCEVXNlcnMvamtlYW5lL0Ryb3Bib3gvc2l0ZS1yZWRlc2lnbi9rZWFuZUJpYi9QYXBlcnMvS2VhbmVCcmVudGFyaVJpZ2dsZS1IYW5kc2hhcGUgYW5kIGNvYXJ0aWN1bGF0aW9uIGluIGFzbCBmaW5nZXJzcGVsbGluZyAoMjAxMikucGRmABMAAS8AABUAAgAN//8AAIAF0hwdHh9YJGNsYXNzZXNaJGNsYXNzbmFtZaMfICFdTlNNdXRhYmxlRGF0YVZOU0RhdGFYTlNPYmplY3RfEFhQYXBlcnMvS2VhbmVCcmVudGFyaVJpZ2dsZS1IYW5kc2hhcGUgYW5kIGNvYXJ0aWN1bGF0aW9uIGluIGFzbCBmaW5nZXJzcGVsbGluZyAoMjAxMikucGRm0hwdJCWiJSFcTlNEaWN0aW9uYXJ5EgABhqBfEA9OU0tleWVkQXJjaGl2ZXIACAARABYAHwAoADIANQA6ADwARQBLAFIAXQBlAGwAbwBxAHMAdgB4AHoAfACGAJMAmACgA0ADQgNHA1ADWwNfA20DdAN9A9gD3QPgA+0D8gAAAAAAAAIBAAAAAAAAACgAAAAAAAAAAAAAAAAAAAQE}}

@misc{Keane:2012ab,
	Author = {Keane, Jonathan and Brentari, Diane and Riggle, Jason},
	Date-Added = {2012-03-10 17:39:57 +0000},
	Date-Modified = {2012-03-12 03:36:28 +0000},
	Howpublished = {conference presentation},
	Month = {January},
	Note = {{\textsc{cuny}} Phonology Forum Conference on the Segment},
	Title = {Segments in {\textsc{asl}} fingerspelling},
	Year = {2012},
	Bdsk-File-1 = {YnBsaXN0MDDUAQIDBAUIJidUJHRvcFgkb2JqZWN0c1gkdmVyc2lvblkkYXJjaGl2ZXLRBgdUcm9vdIABqAkKFRYXGyIjVSRudWxs0wsMDQ4RFFpOUy5vYmplY3RzV05TLmtleXNWJGNsYXNzog8QgASABqISE4ACgAOAB1lhbGlhc0RhdGFccmVsYXRpdmVQYXRo0hgNGRpXTlMuZGF0YU8RAmAAAAAAAmAAAgAADE1hY2ludG9zaCBIRAAAAAAAAAAAAAAAAAAAAMT59JlIKwAADwPZeh9LZWFuZUJyZW50YXJpUmlnZ2xlI0YwODQ4OUYucGRmAAAAAAAAAAAAAAAAAAAAAAAAAAAAAAAAAAAAAAAAAAAPCEifyvvL0AAAAAAAAAAAAAEAAwAACSAAAAAAAAAAAAAAAAAAAAAGUGFwZXJzABAACAAAxPo66QAAABEACAAAyvwgMAAAAAEAGA8D2XoPA4pqDhdIFwZcS/UACkoyAAB72AACAGVNYWNpbnRvc2ggSEQ6VXNlcnM6AGprZWFuZToARHJvcGJveDoAc2l0ZS1yZWRlc2lnbjoAa2VhbmVCaWI6AFBhcGVyczoAS2VhbmVCcmVudGFyaVJpZ2dsZSNGMDg0ODlGLnBkZgAADgB8AD0ASwBlAGEAbgBlAEIAcgBlAG4AdABhAHIAaQBSAGkAZwBnAGwAZQAtAFMAZQBnAG0AZQBuAHQAcwAgAGkAbgAgAGEAcwBsACAAZgBpAG4AZwBlAHIAcwBwAGUAbABsAGkAbgBnACAAKAAyADAAMQAyACkALgBwAGQAZgAPABoADABNAGEAYwBpAG4AdABvAHMAaAAgAEgARAASAHBVc2Vycy9qa2VhbmUvRHJvcGJveC9zaXRlLXJlZGVzaWduL2tlYW5lQmliL1BhcGVycy9LZWFuZUJyZW50YXJpUmlnZ2xlLVNlZ21lbnRzIGluIGFzbCBmaW5nZXJzcGVsbGluZyAoMjAxMikucGRmABMAAS8AABUAAgAN//8AAIAF0hwdHh9YJGNsYXNzZXNaJGNsYXNzbmFtZaMfICFdTlNNdXRhYmxlRGF0YVZOU0RhdGFYTlNPYmplY3RfEERQYXBlcnMvS2VhbmVCcmVudGFyaVJpZ2dsZS1TZWdtZW50cyBpbiBhc2wgZmluZ2Vyc3BlbGxpbmcgKDIwMTIpLnBkZtIcHSQloiUhXE5TRGljdGlvbmFyeRIAAYagXxAPTlNLZXllZEFyY2hpdmVyAAgAEQAWAB8AKAAyADUAOgA8AEUASwBSAF0AZQBsAG8AcQBzAHYAeAB6AHwAhgCTAJgAoAMEAwYDCwMUAx8DIwMxAzgDQQOIA40DkAOdA6IAAAAAAAACAQAAAAAAAAAoAAAAAAAAAAAAAAAAAAADtA==}}

@inproceedings{Keane:2012aa,
	Author = {Keane, Jonathan and Brentari, Diane and Riggle, Jason},
	Booktitle = {Proceedings of the North East Linguistic Society},
	Date-Added = {2012-03-10 17:36:18 +0000},
	Date-Modified = {2012-03-12 07:00:24 +0000},
	Number = {42},
	Organization = {North East Linguistic Society},
	Title = {Coarticulation in {\textsc{asl}} fingerspelling},
	Year = {in press},
	Bdsk-File-1 = {YnBsaXN0MDDUAQIDBAUIJidUJHRvcFgkb2JqZWN0c1gkdmVyc2lvblkkYXJjaGl2ZXLRBgdUcm9vdIABqAkKFRYXGyIjVSRudWxs0wsMDQ4RFFpOUy5vYmplY3RzV05TLmtleXNWJGNsYXNzog8QgASABqISE4ACgAOAB1lhbGlhc0RhdGFccmVsYXRpdmVQYXRo0hgNGRpXTlMuZGF0YU8RAnIAAAAAAnIAAgAADE1hY2ludG9zaCBIRAAAAAAAAAAAAAAAAAAAAMT59JlIKwAADwPZeh9LZWFuZUJyZW50YXJpUmlnZ2xlI0VENkZDQjcucGRmAAAAAAAAAAAAAAAAAAAAAAAAAAAAAAAAAAAAAAAAAAAO1vy3y11vOgAAAAAAAAAAAAEAAwAACSAAAAAAAAAAAAAAAAAAAAAGUGFwZXJzABAACAAAxPo66QAAABEACAAAy13DmgAAAAEAGA8D2XoPA4pqDhdIFwZcS/UACkoyAAB72AACAGVNYWNpbnRvc2ggSEQ6VXNlcnM6AGprZWFuZToARHJvcGJveDoAc2l0ZS1yZWRlc2lnbjoAa2VhbmVCaWI6AFBhcGVyczoAS2VhbmVCcmVudGFyaVJpZ2dsZSNFRDZGQ0I3LnBkZgAADgCIAEMASwBlAGEAbgBlAEIAcgBlAG4AdABhAHIAaQBSAGkAZwBnAGwAZQAtAEMAbwBhAHIAdABpAGMAdQBsAGEAdABpAG8AbgAgAGkAbgAgAGEAcwBsACAAZgBpAG4AZwBlAHIAcwBwAGUAbABsAGkAbgBnACAAKAAyADAAMQAyACkALgBwAGQAZgAPABoADABNAGEAYwBpAG4AdABvAHMAaAAgAEgARAASAHZVc2Vycy9qa2VhbmUvRHJvcGJveC9zaXRlLXJlZGVzaWduL2tlYW5lQmliL1BhcGVycy9LZWFuZUJyZW50YXJpUmlnZ2xlLUNvYXJ0aWN1bGF0aW9uIGluIGFzbCBmaW5nZXJzcGVsbGluZyAoMjAxMikucGRmABMAAS8AABUAAgAN//8AAIAF0hwdHh9YJGNsYXNzZXNaJGNsYXNzbmFtZaMfICFdTlNNdXRhYmxlRGF0YVZOU0RhdGFYTlNPYmplY3RfEEpQYXBlcnMvS2VhbmVCcmVudGFyaVJpZ2dsZS1Db2FydGljdWxhdGlvbiBpbiBhc2wgZmluZ2Vyc3BlbGxpbmcgKDIwMTIpLnBkZtIcHSQloiUhXE5TRGljdGlvbmFyeRIAAYagXxAPTlNLZXllZEFyY2hpdmVyAAgAEQAWAB8AKAAyADUAOgA8AEUASwBSAF0AZQBsAG8AcQBzAHYAeAB6AHwAhgCTAJgAoAMWAxgDHQMmAzEDNQNDA0oDUwOgA6UDqAO1A7oAAAAAAAACAQAAAAAAAAAoAAAAAAAAAAAAAAAAAAADzA==}}

@misc{Keane:2011ab,
	Author = {Keane, Jonathan and Rizzo, Susan and Brentari, Diane and Riggle, Jason},
	Date-Added = {2012-03-10 17:29:33 +0000},
	Date-Modified = {2012-03-12 03:53:14 +0000},
	Howpublished = {conference presentation},
	Month = {May},
	Note = {Building sign language corpora in North America},
	Title = {Phonetic coding of fingerspelling},
	Year = {2011},
	Bdsk-File-1 = {YnBsaXN0MDDUAQIDBAUIJidUJHRvcFgkb2JqZWN0c1gkdmVyc2lvblkkYXJjaGl2ZXLRBgdUcm9vdIABqAkKFRYXGyIjVSRudWxs0wsMDQ4RFFpOUy5vYmplY3RzV05TLmtleXNWJGNsYXNzog8QgASABqISE4ACgAOAB1lhbGlhc0RhdGFccmVsYXRpdmVQYXRo0hgNGRpXTlMuZGF0YU8RAmYAAAAAAmYAAgAADE1hY2ludG9zaCBIRAAAAAAAAAAAAAAAAAAAAMT59JlIKwAADwPZeh9LZWFuZVJpenpvQnJlbnRhcmktI0YwODRDRDIucGRmAAAAAAAAAAAAAAAAAAAAAAAAAAAAAAAAAAAAAAAAAAAPCEzSyfwfjwAAAAAAAAAAAAEAAwAACSAAAAAAAAAAAAAAAAAAAAAGUGFwZXJzABAACAAAxPo66QAAABEACAAAyfxl3wAAAAEAGA8D2XoPA4pqDhdIFwZcS/UACkoyAAB72AACAGVNYWNpbnRvc2ggSEQ6VXNlcnM6AGprZWFuZToARHJvcGJveDoAc2l0ZS1yZWRlc2lnbjoAa2VhbmVCaWI6AFBhcGVyczoAS2VhbmVSaXp6b0JyZW50YXJpLSNGMDg0Q0QyLnBkZgAADgCAAD8ASwBlAGEAbgBlAFIAaQB6AHoAbwBCAHIAZQBuAHQAYQByAGkALQBQAGgAbwBuAGUAdABpAGMAIABjAG8AZABpAG4AZwAgAG8AZgAgAGYAaQBuAGcAZQByAHMAcABlAGwAbABpAG4AZwAgACgAMgAwADEAMQApAC4AcABkAGYADwAaAAwATQBhAGMAaQBuAHQAbwBzAGgAIABIAEQAEgByVXNlcnMvamtlYW5lL0Ryb3Bib3gvc2l0ZS1yZWRlc2lnbi9rZWFuZUJpYi9QYXBlcnMvS2VhbmVSaXp6b0JyZW50YXJpLVBob25ldGljIGNvZGluZyBvZiBmaW5nZXJzcGVsbGluZyAoMjAxMSkucGRmABMAAS8AABUAAgAN//8AAIAF0hwdHh9YJGNsYXNzZXNaJGNsYXNzbmFtZaMfICFdTlNNdXRhYmxlRGF0YVZOU0RhdGFYTlNPYmplY3RfEEZQYXBlcnMvS2VhbmVSaXp6b0JyZW50YXJpLVBob25ldGljIGNvZGluZyBvZiBmaW5nZXJzcGVsbGluZyAoMjAxMSkucGRm0hwdJCWiJSFcTlNEaWN0aW9uYXJ5EgABhqBfEA9OU0tleWVkQXJjaGl2ZXIACAARABYAHwAoADIANQA6ADwARQBLAFIAXQBlAGwAbwBxAHMAdgB4AHoAfACGAJMAmACgAwoDDAMRAxoDJQMpAzcDPgNHA5ADlQOYA6UDqgAAAAAAAAIBAAAAAAAAACgAAAAAAAAAAAAAAAAAAAO8}}

@misc{Keane:2011aa,
	Author = {Jonathan Keane and Erin Dahlgren and Jason Riggle},
	Date-Added = {2012-03-10 17:29:33 +0000},
	Date-Modified = {2012-03-12 05:22:35 +0000},
	Howpublished = {conference presentation},
	Month = {January},
	Note = {Linguistic Society of America 2011 Annual Meeting},
	Title = {Variation in segment duration in {\textsc{asl}} fingerspelling},
	Year = {2011},
	Bdsk-File-1 = {YnBsaXN0MDDUAQIDBAUIJidUJHRvcFgkb2JqZWN0c1gkdmVyc2lvblkkYXJjaGl2ZXLRBgdUcm9vdIABqAkKFRYXGyIjVSRudWxs0wsMDQ4RFFpOUy5vYmplY3RzV05TLmtleXNWJGNsYXNzog8QgASABqISE4ACgAOAB1lhbGlhc0RhdGFccmVsYXRpdmVQYXRo0hgNGRpXTlMuZGF0YU8RAqAAAAAAAqAAAgAADE1hY2ludG9zaCBIRAAAAAAAAAAAAAAAAAAAAMT59JlIKwAADwPZeh9LZWFuZURhaGxncmVuUmlnZ2xlI0YwODRCN0IucGRmAAAAAAAAAAAAAAAAAAAAAAAAAAAAAAAAAAAAAAAAAAAPCEt7y4L4zAAAAAAAAAAAAAEAAwAACSAAAAAAAAAAAAAAAAAAAAAGUGFwZXJzABAACAAAxPo66QAAABEACAAAy4M/HAAAAAEAGA8D2XoPA4pqDhdIFwZcS/UACkoyAAB72AACAGVNYWNpbnRvc2ggSEQ6VXNlcnM6AGprZWFuZToARHJvcGJveDoAc2l0ZS1yZWRlc2lnbjoAa2VhbmVCaWI6AFBhcGVyczoAS2VhbmVEYWhsZ3JlblJpZ2dsZSNGMDg0QjdCLnBkZgAADgCmAFIASwBlAGEAbgBlAEQAYQBoAGwAZwByAGUAbgBSAGkAZwBnAGwAZQAtAFYAYQByAGkAYQB0AGkAbwBuACAAaQBuACAAcwBlAGcAbQBlAG4AdAAgAGQAdQByAGEAdABpAG8AbgAgAGkAbgAgAGEAcwBsACAAZgBpAG4AZwBlAHIAcwBwAGUAbABsAGkAbgBnACAAKAAyADAAMQAxACkALgBwAGQAZgAPABoADABNAGEAYwBpAG4AdABvAHMAaAAgAEgARAASAIVVc2Vycy9qa2VhbmUvRHJvcGJveC9zaXRlLXJlZGVzaWduL2tlYW5lQmliL1BhcGVycy9LZWFuZURhaGxncmVuUmlnZ2xlLVZhcmlhdGlvbiBpbiBzZWdtZW50IGR1cmF0aW9uIGluIGFzbCBmaW5nZXJzcGVsbGluZyAoMjAxMSkucGRmAAATAAEvAAAVAAIADf//AACABdIcHR4fWCRjbGFzc2VzWiRjbGFzc25hbWWjHyAhXU5TTXV0YWJsZURhdGFWTlNEYXRhWE5TT2JqZWN0XxBZUGFwZXJzL0tlYW5lRGFobGdyZW5SaWdnbGUtVmFyaWF0aW9uIGluIHNlZ21lbnQgZHVyYXRpb24gaW4gYXNsIGZpbmdlcnNwZWxsaW5nICgyMDExKS5wZGbSHB0kJaIlIVxOU0RpY3Rpb25hcnkSAAGGoF8QD05TS2V5ZWRBcmNoaXZlcgAIABEAFgAfACgAMgA1ADoAPABFAEsAUgBdAGUAbABvAHEAcwB2AHgAegB8AIYAkwCYAKADRANGA0sDVANfA2MDcQN4A4ED3QPiA+UD8gP3AAAAAAAAAgEAAAAAAAAAKAAAAAAAAAAAAAAAAAAABAk=}}
