%% This BibTeX bibliography file was created using BibDesk.
%% http://bibdesk.sourceforge.net/


%% Created for Jonathan Keane at 2017-01-28 11:14:08 -0600 


%% Saved with string encoding Unicode (UTF-8) 



@article{Brentari:2015aa,
	Author = {Brentari, Diane and Keane, Jonathan and Hill, Joseph and Amador, Brianne},
	Date-Added = {2017-01-28 17:13:48 +0000},
	Date-Modified = {2017-01-28 17:13:48 +0000},
	Journal = {Under Review},
	Title = {Variation in American Sign Language Rhythm and Prominence: Age, Ethnicity, and Gender},
	Year = {submitted}}
